@misc{euronext,
author = {{Euronext}},
howpublished = {Euronext (2021). Oslo Børs Small Cap, Retrieved from \url{https://live.euronext.com/sites/default/files/documentation/index-factsheets/OSESX_20210331_0.pdf}},
note = {Accessed: 2021-22-05},
year = {2021}
}

@misc{bors,
author = {{Euronext}},
howpublished = {Euronext (2021). Oslo Børs Benchmark, Retrieved from \url{https://live.euronext.com/sites/default/files/documentation/index-factsheets/OSEBX_20210331.pdf}},
note = {Accessed: 2021-22-05},
year = {2021}
}

@misc{kuepper2021,
author = {{Kuepper}},
howpublished = {Kuepper, J. (2021). Cboe Volatility Index (VIX), Retrieved from \url{https://www.investopedia.com/terms/v/vix.asp)}},
note = {Accessed: 2021-20-05},
year = {2021}
}

@misc{zakka,
author = {{Zakka et al.}},
howpublished = {Zakka et al. (2021). CS231n Convolutional Neural Networks for Visual Recognition, Retrieved from \url{https://cs231n.github.io/convolutional-networks/)}},
note = {Accessed: 2021-13-05},
year = {2021}
}

@misc{saha,
author = {{Saha}},
howpublished = {Saha, S. (2018). A Comprehensive Guide to Convolutional Neural Networks — the ELI5 way, Retrieved from \url{https://towardsdatascience.com/a-comprehensive-guide-to-convolutional-neural-networks-the-eli5-way-3bd2b1164a53)}},
note = {Accessed: 2021-13-05},
year = {2018}
}

@misc{kosta,
author = {{Kostadinov}},
howpublished = {Kostadinov, S. (2017). Understanding GRU Networks, Retrieved from \url{https://towardsdatascience.com/understanding-gru-networks-2ef37df6c9be)}},
note = {Accessed: 2021-13-05},
year = {2017}
}

@misc{phi,
author = {{Phi}},
howpublished = {Phi, M. (2018). Illustrated Guide to LSTM's and GRU's: A step by step explanation, Retrieved from \url{https://towardsdatascience.com/illustrated-guide-to-lstms-and-gru-s-a-step-by-step-explanation-44e9eb85bf21)}},
note = {Accessed: 2021-12-05},
year = {2015}
}

@misc{adu,
author = {{Adusumilli}},
howpublished = {Adusumilli, R. (2019). Machine Learning to Predict Stock Prices - Utilizing a Keras LSTM model to forecast stock trends, Retrieved from \url{https://towardsdatascience.com/predicting-stock-prices-using-a-keras-lstm-model-4225457f0233)}},
note = {Accessed: 2021-12-05},
year = {2015}
}

@misc{olah,
author = {{Olah}},
howpublished = {Olah, C. (2015). Understanding LSTM Networks – colah’s blog, Retrieved from \url{https://colah.github.io/posts/2015-08-Understanding-LSTMs/)}},
note = {Accessed: 2021-12-05},
year = {2015}
}

@misc{andersen,
author = {{Andersen}},
howpublished = {Andersen, S. (2018). Small Cap – Hvor mye teller størrelsen?, Retrieved from \url{(https://www.nordnet.no/blogg/small-cap-hvor-mye-teller-storrelsen/)}},
note = {Accessed: 2021-08-05},
year = {2018}
}

@misc{segal,
author = {{Segal}},
howpublished = {Segal, T. (2020). Are Small Cap Companies Riskier Investments Than Large Cap Companies?, Retrieved from \url{(https://www.investopedia.com/ask/answers/022715/are-small-cap-companies-more-risky-investments-large-cap-companies.asp)}},
note = {Accessed: 2021-08-05},
year = {2020}
}

@misc{ode,
author = {{Ødegaard}},
howpublished = {Ødegaard, B.A. (2009). Hva koster det å handle aksjer på Oslo Børs?, Retrieved from \url{(https://ba-odegaard.no/publications/2009_pof_hva_koster/handlekostnader_jan_2009.pdf)}},
note = {Accessed: 2021-07-05},
year = {2009}
}

@misc{morgan,
author = {{J.P. Morgan}},
howpublished = {J.P. Morgan Asset Management (2018). Transaction Costs Explained, Retrieved from \url{(https://am.jpmorgan.com/blob-gim/1383537981326/83456/JPM50934_MiFID%20II%20Transaction%20Costs%20Guide_A5_FINAL.pdf)}},
note = {Accessed: 2021-07-05},
year = {2018}
}

@misc{kuepper,
author = {{Kuepper}},
howpublished = {Kuepper, J. (2019). The Importance of Backtesting Trading Strategies, Retrieved from \url{(https://www.investopedia.com/articles/trading/05/030205.asp)}},
note = {Accessed: 2021-06-05},
year = {2021}
}

@inproceedings{ni,
author = {Ni, Jiarui and Zhang, Chengqi},
year = {2005},
month = {11},
pages = {126-131},
title = {An Efficient Implementation of the Backtesting of Trading Strategies},
volume = {3758},
isbn = {978-3-540-29769-7},
doi = {10.1007/11576235_17}
}

@article{poterba,
title = {Mean reversion in stock prices: Evidence and Implications},
journal = {Journal of Financial Economics},
volume = {22},
number = {1},
pages = {27-59},
year = {1988},
issn = {0304-405X},
doi = {https://doi.org/10.1016/0304-405X(88)90021-9},
url = {https://www.sciencedirect.com/science/article/pii/0304405X88900219},
author = {James M. Poterba and Lawrence H. Summers},
abstract = {This paper investigates transitory components in stock prices. After showing that statistical tests have little power to detect persistent deviations between market prices and fundamental values, we consider whether prices are mean-reverting, using data from the United States and 17 other countries. Our point estimates imply positive autocorrelation in returns over short horizons and negative autocorrelation over longer horizons, although random-walk price behavior cannot be rejected at conventional statistical levels. Substantial movements in required returns are needed to account for these correlation patterns. Persistent, but transitory, disparities between prices and fundamental values could also explain our findings.}
}

@misc{chenj,
author = {{Chen}},
howpublished = {Chen, J. (2021). Mean Reversion, Retrieved from \url{(https://www.investopedia.com/terms/m/meanreversion.asp)}},
note = {Accessed: 2021-20-03},
year = {2021}
}

@misc{brownlee,
author = {{Brownlee}},
howpublished = {Brownlee, J. (2020). 4 Types of Classification Tasks in Machine Learning, Retrieved from \url{(https://machinelearningmastery.com/types-of-classification-in-machine-learning/)}},
note = {Accessed: 2021-28-04},
year = {2020}
}

@misc{panchal,
author = {{Panchal}},
howpublished = {Panchal, S. (2018). Artificial Neural Networks — Mapping the Human Brain, Retrieved from \url{(https://medium.com/predict/artificial-neural-networks-mapping-the-human-brain-2e0bd4a93160)}},
note = {Accessed: 2021-27-04},
year = {2018}
}

@misc{opper,
author = {{Oppermann}},
howpublished = {Oppermann, A. (2019). What is Deep Learning and How does it work?, Retrieved from \url{(https://towardsdatascience.com/what-is-deep-learning-and-how-does-it-work-2ce44bb692ac)}},
note = {Accessed: 2021-26-04},
year = {2019}
}

@misc{dataversity,
author = {{Foote}},
howpublished = {Foote, Keith D. (2019). A Brief History of Machine Learning, Retrieved from \url{(https://www.dataversity.net/a-brief-history-of-machine-learning/)}},
note = {Accessed: 2021-15-04},
year = {2019}
}

@misc{investtech,
author = {{Linløkken}},
howpublished = {Linløkken, G. (2021). Investtech - Forskningsresultater: Signalstatistikk, Retrieved from \url{(https://www.investtech.com/no/market.php?CountryID=1&p=staticPage&fn=helpItem&tbReport=h_SignalResultVideos)}},
note = {Accessed: 2021-15-03},
year = {2021}
}

@misc{Kenton,
author = {{Kenton}},
howpublished = {Kenton, W. (2021). Beta, Retrieved from \url{(https://www.investopedia.com/terms/b/beta.asp)}},
note = {Accessed: 2021-10-03},
year = {2021}
}

@misc{chen1,
author = {{Chen}},
howpublished = {Chen, J. (2020). Risk-Free Rate Of Return, Retrieved from \url{(https://www.investopedia.com/terms/r/risk-freerate.asp)}},
note = {Accessed: 2021-10-03},
year = {2020}
}

@article{stiglitz,
author = {Grossman, Sanford and Stiglitz, Joseph},
year = {1980},
month = {02},
pages = {393-408},
title = {On THe Impossibility of Informationally Efficient Markets},
volume = {70},
journal = {American Economic Review}
}

@article{JENSEN,
title = {Some anomalous evidence regarding market efficiency},
journal = {Journal of Financial Economics},
volume = {6},
number = {2},
pages = {95-101},
year = {1978},
issn = {0304-405X},
doi = {https://doi.org/10.1016/0304-405X(78)90025-9},
url = {https://www.sciencedirect.com/science/article/pii/0304405X78900259},
author = {Michael C. Jensen}
}

@article{lekovic,
author = {Lekovic, Miljan},
year = {2018},
month = {11},
pages = {369-387},
title = {Evidence for and Against the Validity of Efficient Market Hypothesis},
volume = {56},
journal = {Economic Themes},
doi = {10.2478/ethemes-2018-0022}
}

@inproceedings{inproceedings,
author = {Metts, Glenn and Slaubaugh, Michael and Syed-Makander, Atiya},
year = {2008},
month = {03},
pages = {},
title = {Alpha Investing: Exploring Investment Portfolio Heuristics Using Real Data Introduction}
}

@article{fama,
 ISSN = {00221082, 15406261},
 URL = {http://www.jstor.org/stable/2325486},
 author = {Eugene F. Fama},
 journal = {The Journal of Finance},
 number = {2},
 pages = {383--417},
 publisher = {[American Finance Association, Wiley]},
 title = {Efficient Capital Markets: A Review of Theory and Empirical Work},
 volume = {25},
 year = {1970}
}

@misc{hargrave,
author = {{Hargrave}},
howpublished = {Hargrave, M. (2020). Deep Learning, Retrieved from \url{(https://www.investopedia.com/terms/d/deep-learning.asp)}},
note = {Accessed: 2021-10-01},
year = {2020}
}

@inproceedings{jun,
title = "Empirical evaluation of gated recurrent neural networks on sequence modeling",
author = "Junyoung Chung and Caglar Gulcehre and Kyunghyun Cho and Yoshua Bengio",
year = "2014",
language = "English (US)",
booktitle = "NIPS 2014 Workshop on Deep Learning, December 2014",
}

@misc{pant,
author = {{Pant}},
howpublished = {Pant, A. (2019). Introduction to Logistic Regression, Retrieved from \url{(https://towardsdatascience.com/introduction-to-logistic-regression-66248243c148)}},
note = {Accessed: 2021-06-01},
year = {2019}
}

@misc{lund,
author = {{Lund and Løvås}},
howpublished = {Lund, H. and Løvås, J. (2018). Employing Deep Learning for Stock Return Prediction on the Oslo Stock Exchange: A comprehensive test of deep learning models for predictive purposes and applicability to trading. Norwegian School of Economics, Retrieved from \url{(https://openaccess.nhh.no/nhh-xmlui/bitstream/handle/11250/2586263/masterthesis.PDF?sequence=1&isAllowed=y)}},
note = {Accessed: 2021-01-01},
year = {2018}
}

@misc{olden,
author = {{Olden}},
howpublished = {Olden, M. (2016). Predicting Stocks with Machine Learning: Stacked Classifiers and other Learners Applied to the Oslo Stock Exchange. UIO, Department of Informatics, Retrieved from \url{(https://www.duo.uio.no/bitstream/handle/10852/51275/PredictingStocksWithMachineLearning.pdf?sequence=1&isAllowed=y)}},
note = {Accessed: 2021-03-01},
year = {2016}
}

@article{krauss,
title = "Deep learning with long short-term memory networks for financial market predictions",
journal = "European Journal of Operational Research",
volume = "270",
number = "2",
pages = "654 - 669",
year = "2018",
issn = "0377-2217",
doi = "https://doi.org/10.1016/j.ejor.2017.11.054",
url = "http://www.sciencedirect.com/science/article/pii/S0377221717310652",
author = "Thomas Fischer and Christopher Krauss",
}

@article{huck,
title = "Deep neural networks, gradient-boosted trees, random forests: Statistical arbitrage on the S\&P 500",
journal = "European Journal of Operational Research",
volume = "259",
number = "2",
pages = "689 - 702",
year = "2017",
issn = "0377-2217",
doi = "https://doi.org/10.1016/j.ejor.2016.10.031",
url = "http://www.sciencedirect.com/science/article/pii/S0377221716308657",
author = "Christopher Krauss and Xuan Anh Do and Nicolas Huck",
}

@article{kryz,
author={Kryzanowski,Lawrence and Galler,Michael and Wright,David W.},
year={1993},
month={Jul},
title={Using artificial neural networks to pick stocks},
journal={Financial Analysts Journal},
volume={49},
number={4},
pages={21},
url={https://ezproxy.library.bi.no/login?url=https://www-proquest-com.ezproxy.library.bi.no/scholarly-journals/using-artificial-neural-networks-pick-stocks/docview/219167223/se-2?accountid=142923},
}

@INPROCEEDINGS{white,
  author={ {White}},
  booktitle={IEEE 1988 International Conference on Neural Networks}, 
  title={Economic prediction using neural networks: the case of IBM daily stock returns}, 
  year={1988},
  volume={},
  number={},
  pages={451-458 vol.2},
  doi={10.1109/ICNN.1988.23959}}

@misc{rompotis,
author = {{Rompotis}},
howpublished = {Rompotis, G. (2019). Large-cap vs small-cap portfolio performance: New empirical evidence from ETFs. Review of Accounting \& Finance, 19(1), 71-94. doi:http://dx.doi.org.ezproxy.library.bi.no/10.1108/RAF-03-2017-0056, Retrieved from \url{(https://www.britannica.com/science/gauging-station)}},
note = {Accessed: 2021-02-01},
year = {2019}
}

@article{bauman,
author = {Bauman, W. and Conover, Mitchell and Miller, Robert},
year = {1998},
month = {03},
pages = {75-89},
title = {Growth versus Value and Large-Cap versus Small-Cap Stocks in International Markets},
volume = {54},
journal = {Financial Analysts Journal - FINANC ANAL J},
doi = {10.2469/faj.v54.n2.2168}
}

@article{BANZ19813,
title = "The relationship between return and market value of common stocks",
journal = "Journal of Financial Economics",
volume = "9",
number = "1",
pages = "3 - 18",
year = "1981",
issn = "0304-405X",
doi = "https://doi.org/10.1016/0304-405X(81)90018-0",
url = "http://www.sciencedirect.com/science/article/pii/0304405X81900180",
author = "Rolf W. Banz"
}

@article{malkiel,
Author = {Malkiel, Burton G.},
Title = {The Efficient Market Hypothesis and Its Critics },
Journal = {Journal of Economic Perspectives},
Volume = {17},
Number = {1},
Year = {2003},
Month = {March},
Pages = {59-82},
DOI = {10.1257/089533003321164958},
URL = {https://www.aeaweb.org/articles?id=10.1257/089533003321164958}}

@book{mostly,
author = {{Angrist, J.D \& Pischke, J.S}},
edition = {1},
publisher = {Princeton University Press},
title = {{Mostly Harmless Econometrics: An Empiricist's Companion},
year = {2008}
}

@misc{public,
author = {{Columbia Public Health}},
howpublished = {Difference-in-Difference Estimation, Retrieved from \url{(https://www.publichealth.columbia.edu/research/population-health-methods/difference-difference-estimation#Description)}},
note = {Accessed: 2020-09-12},
year = {2020}
}

@misc{susan,
author = {{Athey, S. \& Guido, W. I.}},
howpublished = {Identification and inference in nonlinear difference in difference models. Econometrica 74 no.2: 431-497, Retrieved from \url{(https://faculty.smu.edu/millimet/classes/eco7377/papers/athey%20imbens.pdf)}},
note = {Accessed: 2020-13-12},
year = {2020}
}

@misc{article,
author = {{Perez-Truglia, R.}},
howpublished = {The Effects of Income Transparency on Well-Being: Evidence from a Natural Experiment. American Economic Review, 110 (4): 1019-54, Retrieved from \url{(https://pubs.aeaweb.org/doi/pdfplus/10.1257/aer.20160256)}},
note = {Accessed: 2020-01-12},
year = {2020}
}

@misc{speed,
author = {{Cronkleton, E}},
howpublished = {Average Speed, Retrieved from \url{(https://www.healthline.com/health/exercise-fitness/average-walking-speed#average-speed-by-age)}},
note = {Accessed: 2020-27-03},
year = {2019}
}

@misc{luggage,
author = {{Gavin, L}},
howpublished = {Cabin Luggage, Retrieved from \url{(https://www.healthline.com/health/exercise-fitness/average-walking-speed#average-speed-by-age)}},
note = {Accessed: 2020-29-03},
year = {2019}
}

@misc{marit, 
author = {{Kristoffersen, M}},
howpublished = {Personal communication},
note = {Interviewed: 2020-03-30},
year = {2020}
}

@misc{Mikkelborg,
author = {{Mikkelborg, L.E}},
howpublished = {Increased material recycling from household waste in Oslo
Municipality – the role of socio- demographics and sociopsychological factors (Master Thesis, Norges miljø- og biovitenskapelige universitet), Retrieved from \url{https://static02.nmbu.no/mina/studier/moppgaver/2017-Mikkelborg.pdf}},
note = {Accessed: 2019-10-28},
year = {2017}
}

@misc{mimicry,
author = {{Thompson, J}},
howpublished = {\url{https://www.psychologytoday.com/us/blog/beyond-words/201209/mimicry-and-mirroring-can-be-good-or-bad}},
note = {Accessed: 2019-11-01},
year = {2012}
}

@misc{shackel,
author = {{Shackelford, T.K}},
howpublished = {\url{https://www.toddkshackelford.com/downloads/Shackelford-PAID-2006.pdf}},
note = {Accessed: 2019-11-01},
year = {2006}
}

@misc{intention,
author = {{Samuelsen and Støyle}},
howpublished = {The power of nudging - Using reverse logistics to improve recycling behaviour in household waste management while taking the intention-action gap into account (Master Thesis, BI Norwegian Business School) Retrieved from: \url{https://files.itslearning.com/File/Download/GetFile.aspx?FileName=MSc0562016+Reverse+logistics.pdf&Path=cpOdnniPTeSS9aewZaTkufuSpCYOkLP8NurkK1ASspCS8OkjR%2f6Ea%2bs4GioD14iQv3nCzxBthiMyZQVRt%2bUMdASMzx2Cq7eSmmw0SoPbp6jpWEofk2IROPTAex5h8BH%2blFy67epthAueE3Ws7nyzh8nVhclNeCDEZPsiz%2fhFm2s%3d&MimeType=application%2fpdf&Domain=bi.itslearning.com&TimeStamp=637106256672465219&SignatureVersion=2&Signature=PspLgurE3gsR2Vf1bgB6SEQBvIlmYtRr39X%2bhbrPC1j9ymfi%2f4k%2fJWI6UrAVNFviNEzTTV1G4RCIHTEamB9I5IOZ01W7lCxIzTgijPWxtMmCVkfZ%2f39VGUKAgDdBSevV8Qsx21rIzKyq8soZxZ%2btaDE7RCSR7zIyZd0f4qtJAKw%3d}},
note = {Accessed: 2019-10-30},
year = {2016}
}

@book{system,
author = {{Sterman, J.D}},
edition = {1},
publisher = {McGraw-Hill Professional},
title = {{Business Dynamics: Systems Thinking and Modeling for a Complex World}},
year = {2000}
}

@misc{recycling,
author = {{Fagernæs, C.C}},
howpublished = {Recycling and material recovery of plastic packaging and food waste in Oslo municipality - How to change behaviour and attitude through facilitated measures (Master Thesis, Norges miljø- og biovitenskapelige universitet), Retrieved from: \url{https://static02.nmbu.no/mina/studier/moppgaver/2018-Fagernas.pdf}},
note = {Accessed: 2019-11-12},
year = {2018}
}

@misc{smart,
author = {{Mauland, M}},
howpublished = {\url{https://trondheim2030.no/2019/02/26/en-smart-soppeldunk/}},
note = {Accessed: 2019-11-20},
year = {2019}
}

@misc{sirkularokonomi,
author = {{Sirkular {\o}konomi}},
howpublished = {\url{https://www.regjeringen.no/no/sub/eos-notatbasen/notatene/2015/des/sirkular-okonomi/id2470468/}},
note = {Aksessert: 2019-05-12},
year = {2019}
}

@misc{skattaksje,
author = {{Aksjeselskap skatt}},
howpublished = {\url{https://www.altinn.no/starte-og-drive/skatt-og-avgift/skatt/skatt-for-aksjeselskap/}},
note = {Aksessert: 2019-05-25},
year = {2019}
}

@misc{skatteloven,
author = {{Skatteloven}},
howpublished = {\url{https://lovdata.no/dokument/NL/lov/1999-03-26-14/KAPITTEL_15-4?q=skatteloven%20avskrivninger#KAPITTEL_15-4}},
note = {Aksessert: 2019-05-12},
year = {2019}
}

@misc{reallonnsprognoser,
author = {{Reall{\o}nnsprognoser}},
howpublished = {\url{https://www.ssb.no/nasjonalregnskap-og-konjunkturer/artikler-og-publikasjoner/norsk-okonomi-er-naer-konjunkturnoytral}},
note = {Aksessert: 2019-05-10},
year = {2019}
}

@misc{materialgjenvinning,
author = {{Materialgjenvinning}},
howpublished = {\url{https://www.regjeringen.no/no/sub/eos-notatbasen/notatene/2014/des/endring-i-deponidirektivet-del-av-pakken-sirkular-okonomi/id2502170/}},
note = {Aksessert: 2019-05-14},
year = {2019}
}

@misc{kvotemarked,
author = {{Kvotemarked}},
howpublished = {\url{https://energiogklima.no/klimavakten/kvotemarked-eu-og-verden/}},
note = {Aksessert: 2019-05-14},
year = {2019}
}

@misc{utslippkvote,
author = {{Utslippkvote}},
howpublished = {\url{https://www.norskeutslipp.no/no/Diverse/Virksomhet/?CompanyID=5136#}},
note = {Aksessert: 2019-05-15},
year = {2019}
}

@misc{adamodar,
author = {{Adamodar}},
howpublished = {\url{http://pages.stern.nyu.edu/~adamodar/New_Home_Page/datafile/ctryprem.html?fbclid=IwAR1KpMu1eD0CNZOfjGk6qK9MC-Evi0c-3T-tfdGVhz_VVWtMHNayJ04IcqE}},
note = {Aksessert: 2019-05-08},
year = {2019}
}

@misc{inflasjon,
author = {{Inflasjon}},
howpublished = {\url{https://www.norges-bank.no/tema/Statistikk/Inflasjon/}},
note = {Aksessert: 2019-05-12},
year = {2019}
}

@misc{yahoo,
author = {{Yahoo finance}},
howpublished = {\url{https://finance.yahoo.com/}},
note = {Aksessert: 2019-06-01},
year = {2019}
}

@misc{stromforbruk,
author = {{str{\o}mforbruk}},
howpublished = {\url{http://publikasjoner.nve.no/rapport/2019/rapport2019_22.pdf?fbclid=IwAR2AK2ApQXv1F1V2iZG33oknQSS2o40PdISWErjLcshmsG7WWP7F0I9oKtY}},
note = {Aksessert: 2019-05-10},
year = {2019}
}

@misc{pwc,
author = {{PwC}},
howpublished = {\url{https://www.pwc.no/no/publikasjoner/risikopremien-2018.html}},
note = {Aksessert: 2019-05-15},
year = {2019}
}

@misc{forelesningsnotater,
author = {{Skaldehaug, Berthling-Hansen}},
howpublished = {Forelesningsnotater, BST 9502, Økonomistyring og investeringsanalyse},
year = {2018}
}

@misc{breeam,
author = {{BREEAM-NOR}},
howpublished = {\url{https://byggalliansen.no/sertifisering/breeam/om-breeam-nor/}},
note = {Aksessert: 2019-04-25},
year = {2019}
}

@misc{dagsavisen,
author = {{Dagsavisen}},
howpublished = {\url{https://www.dagsavisen.no/moss/lokalt/viktig-for-industribyen-moss-1.316778}},
note = {Aksessert: 2019-04-24},
year = {2015}
}




